@online{liuAndyshiyiliuHKUSTBeamerTemplate2025,
  title = {Andy-Shiyi-Liu/{{HKUST-Beamer-Template}}},
  author = {Liu, Andy Shiyi},
  year = {2025},
  url = {https://github.com/andy-shiyi-liu/HKUST-Beamer-Template},
  urldate = {2025-05-08},
  abstract = {A latex beamer template for HKUST.},
  keywords = {/unread}
}
